% This file was created with Citavi 6.3.0.0
@book{sewak_karim_pujari_2018, place={Birmingham}, title={Practical convolutional neural networks: implement advanced deep learning models using Python}, publisher={Packt Publishing Ltd.}, author={Sewak, Mohit and Karim, Md Rezaul. and Pujari, Pradeep}, year={2018}}
